@book {cite:PLACEHOLDER_BOOK,
  author = {},
  title = {},
  note = {},
  publisher = {},
  address = {},
  year = {},
  edition = {}
}
@article{cite:PLACEHOLDER_ARTICLE,
  title={},
  author={},
  journal={},
  volume={},
  number={},
  pages={a--b},
  year={},
  publisher={}
}


@article{cite:bgv,
  title={(Leveled) fully homomorphic encryption without bootstrapping},
  author = {Zvika Brakerski and Craig Gentry and Vinod Vaikuntanathan},
  journal={ACM Transactions on Computation Theory (TOCT)},
  volume={6},
  number={3},
  pages={1--36},
  year={2014}
}

@phdthesis{cite:gentry1,
  author = {Craig Gentry},
  advisor = {Dan Boneh},
  title = {A Fully Homomorphic Encryption Scheme},
  year = {2009},
  isbn = {9781109444506},
  publisher = {Stanford University},
  school = {Stanford University},
  address = {Stanford, CA, USA}
}

@misc{cite:ckks_bootstrap,
      author = {Jung Hee Cheon and Kyoohyung Han and Andrey Kim and Miran Kim and Yongsoo Song},
      title = {Bootstrapping for Approximate Homomorphic Encryption},
      howpublished = {Cryptology ePrint Archive, Paper 2018/153},
      year = {2018},
      url = {https://eprint.iacr.org/2018/153}
}

@misc{cite_fhew_vs_tfhe,
  author = {Daniele Micciancio and Yuriy Polyakov},
  title = {Bootstrapping in FHEW-like Cryptosystems},
  howpublished = {Cryptology ePrint Archive, Paper 2020/086},
  year = {2020},
  url = {https://eprint.iacr.org/2020/086}
}

@article{cite:RSA,
  title={A method for obtaining digital signatures and public-key cryptosystems},
  author={Ronald Linn Rivest and Adi Shamir and Leonard Max Adleman},
  journal={Communications of the ACM},
  volume={21},
  number={2},
  pages={120--126},
  year={1978},
  publisher={}
}

@article{cite:ElGamal,
  title={A public key cryptosystem and a signature scheme based on discrete logarithms},
  author={Taher ElGamal},
  journal={IEEE transactions on information theory},
  volume={31},
  number={4},
  pages={469--472},
  year={1985},
  publisher={}
}

@misc{cite:lmkcdey_le_et_al_better_ap_ginx,
  author = {Yongwoo Lee and Daniele Micciancio and Andrey Kim and Rakyong Choi and Maxim Deryabin and Jieun Eom and Donghoon Yoo},
  title = {Efficient FHEW Bootstrapping with Small Evaluation Keys, and Applications to Threshold Homomorphic Encryption},
  howpublished = {Cryptology ePrint Archive, Paper 2022/198},
  year = {2022},
  doi = {10.1007/978-3-031-30620-4_8},
  url = {https://eprint.iacr.org/2022/198}
}

@misc{cite:bv_lwe,
  author = {Zvika Brakerski and Vinod Vaikuntanathan},
  title = {Efficient Fully Homomorphic Encryption from (Standard) LWE},
  howpublished = {Cryptology ePrint Archive, Paper 2011/344},
  year = {2011},
  url = {https://eprint.iacr.org/2011/344}
}

@article{cite:bv_lwe_2014,
  author = {Zvika Brakerski and Vinod Vaikuntanathan},
  title = {Efficient Fully Homomorphic Encryption from (Standard) $\mathsf{LWE}$},
  journal = {SIAM Journal on Computing},
  volume = {43},
  number = {2},
  pages = {831-871},
  year = {2014},
  doi = {10.1137/120868669},
  URL = {https://doi.org/10.1137/120868669}
}

@InProceedings{cite:fast_bootstrap_crypto23,
  author="Xiang, Binwu and Zhang, Jiang and Deng, Yi and Dai, Yiran and Feng, Dengguo",
  editor="Handschuh, Helena and Lysyanskaya, Anna",
  title="Fast Blind Rotation for Bootstrapping FHEs",
  booktitle="Advances in Cryptology -- CRYPTO 2023",
  year="2023",
  publisher="Springer Nature Switzerland",
  address="Cham",
  pages="3--36",
  isbn="978-3-031-38551-3"
}

@misc{cite:ap,
  author = {Jacob Alperin-Sheriff and Chris Peikert},
  title = {Faster Bootstrapping with Polynomial Error},
  howpublished = {Cryptology ePrint Archive, Paper 2014/094},
  year = {2014},
  url = {https://eprint.iacr.org/2014/094}
}

@misc{cite:hal_bootstrap_intro,
  author = {Rémi Leluc and Elie Chedemail and Adéchola Kouande and Quyen Nguyen and Njaka Andriamandratomanana},
  title = {Fully Homomorphic Encryption and Bootstrapping},
  year = {2022},
  url = {https://hal.science/hal-03676650}
}

@misc{cite:fhew,
  author = {Léo Ducas and Daniele Micciancio},
  title = {FHEW: Bootstrapping Homomorphic Encryption in less than a second},
  howpublished = {Cryptology ePrint Archive, Paper 2014/816},
  year = {2014},
  url = {https://eprint.iacr.org/2014/816}
}

@inproceedings{cite:bv_rlwe,
  author={Zvika Brakerski and Vinod Vaikuntanathan},
  title={Fully Homomorphic Encryption from Ring-LWE and Security for Key Dependent Messages},
  booktitle={Advances in Cryptology - CRYPTO 2011 - 31st Annual Cryptology Conference},
  editor="Phillip Rogaway",
  publisher="Springer Berlin Heidelberg",
  pages="505--524",
  year=2011
}

@misc{cite:extract_blind_rotation,
  author = {Andrey Kim and Maxim Deryabin and Jieun Eom and Rakyong Choi and Yongwoo Lee and Whan Ghang and Donghoon Yoo},
  title = {General Bootstrapping Approach for RLWE-based Homomorphic Encryption},
  howpublished = {Cryptology ePrint Archive, Paper 2021/691},
  year = {2021},
  url = {https://eprint.iacr.org/2021/691}
}

@misc{cite:tfhe_guide,
  author = {Marc Joye},
  title = {Guide to Fully Homomorphic Encryption over the [Discretized] Torus},
  howpublished = {Cryptology ePrint Archive, Paper 2021/1402},
  year = {2021},
  url = {https://eprint.iacr.org/2021/1402}
}

@misc{cite:HElib,
  author = {Shai Halevi and Victor Shoup},
  title = {HElib},
  publisher = {GitHub},
  howpublished = {\url{https://github.com/homenc/HElib}},
}

@article{cite:ckks,
  title={Homomorphic Encryption for Arithmetic of Approximate Numbers},
  author={Jung Hee Cheon and Andrey Kim and Miran Kim and Yongsoo Song},
  journal={Advances in Cryptology –- ASIACRYPT 2017},
  volume={},
  number={},
  pages={409--437},
  year={2017},
  publisher={}
}

@InProceedings{cite:gsw,
  author="Gentry, Craig and Sahai, Amit and Waters, Brent",
  editor="Canetti, Ran and Garay, Juan A.",
  title="Homomorphic Encryption from Learning with Errors: Conceptually-Simpler, Asymptotically-Faster, Attribute-Based",
  booktitle="Advances in Cryptology -- CRYPTO 2013",
  year="2013",
  publisher="Springer Berlin Heidelberg",
  address="Berlin, Heidelberg",
  pages="75--92",
  isbn="978-3-642-40041-4"
}

@misc{cite:gentry_impl,
  author = {Craig Gentry and Shai Halevi},
  title = {Implementing Gentry's Fully-Homomorphic Encryption Scheme},
  howpublished = {Cryptology ePrint Archive, Paper 2010/520},
  year = {2010},
  url = {https://eprint.iacr.org/2010/520}
}

@article{cite:lwe_first,
  title={On Lattices, Learning with Errors, Random Linear Codes, and Cryptography},
  author={Oded Regev},
  journal={Proceedings of the thirty-seventh annual ACM},
  pages={84--93},
  year={2005}
}

@inproceedings{cite:first_mention_fhe,
  title={On data banks and privacy homomorphisms},
  author={Ronald L. Rivest and Len Adleman and Michael L. Dertouzos},
  year={1978},
  journal={Foundations of secure computation},
  booktitle={Foundations of secure computation},
  volume={4},
  number={11},
  pages={169--180},
}

@misc{cite:ckks_attack,
  author = {Baiyu Li and Daniele Micciancio},
  title = {On the Security of Homomorphic Encryption on Approximate Numbers},
  howpublished = {Cryptology ePrint Archive, Paper 2020/1533},
  year = {2020},
  url = {https://eprint.iacr.org/2020/1533}
}

@misc{cite:openFHE_github,
  author = {},
  title = {OpenFHE},
  publisher = {GitHub},
  howpublished = {\url{https://github.com/openfheorg/openfhe-development}},
}

@misc{cite:openFHE,
  author = {Ahmad Al Badawi and Jack Bates and Flavio Bergamaschi and David Bruce Cousins and Saroja Erabelli and Nicholas Genise and Shai Halevi and Hamish Hunt and Andrey Kim and Yongwoo Lee and Zeyu Liu and Daniele Micciancio and Ian Quah and Yuriy Polyakov and Saraswathy R.V. and Kurt Rohloff and Jonathan Saylor and Dmitriy Suponitsky and Matthew Triplett and Vinod Vaikuntanathan and Vincent Zucca},
  title = {OpenFHE: Open-Source Fully Homomorphic Encryption Library},
  howpublished = {Cryptology ePrint Archive, Paper 2022/915},
  year = {2022},
  url = {https://eprint.iacr.org/2022/915}
}

@inproceedings{cite:bgv_vs_bfv,
  title = "Revisiting Homomorphic Encryption Schemes for Finite Fields",
  author = "Andrey Kim and Yuriy Polyakov and Vincent Zucca",
  year = "2021",
  doi = "10.1007/978-3-030-92078-4_21",
  language = "English (US)",
  isbn = "9783030920777",
  series = "Lecture Notes in Computer Science (including subseries Lecture Notes in Artificial Intelligence and Lecture Notes in Bioinformatics)",
  publisher = "Springer Science and Business Media Deutschland GmbH",
  pages = "608--639",
  editor = "Mehdi Tibouchi and Huaxiong Wang",
  booktitle = "Advances in Cryptology – ASIACRYPT 2021 - 27th International Conference on the Theory and Application of Cryptology and Information Security, Proceedings, Part 3",
  address = "Germany",
}

@misc{cite:bfv,
  author = {Junfeng Fan and Frederik Vercauteren},
  title = {Somewhat Practical Fully Homomorphic Encryption},
  howpublished = {Cryptology ePrint Archive, Paper 2012/144},
  year = {2012},
  url = {https://eprint.iacr.org/2012/144}
}

@misc{cite:ginx,
  author = {Nicolas Gama and Malika Izabachene and Phong Q.  Nguyen and Xiang Xie},
  title = {Structural Lattice Reduction: Generalized Worst-Case to Average-Case Reductions and Homomorphic Cryptosystems},
  howpublished = {Cryptology ePrint Archive, Paper 2014/283},
  year = {2014},
  url = {https://eprint.iacr.org/2014/283}
}

@misc{cite:QianFHE,
  author = {Chiara Marcolla and Victor Sucasas and Marc Manzano and Riccardo Bassoli and Frank H.P. Fitzek and Najwa Aaraj},
  title = {Survey on Fully Homomorphic Encryption, Theory, and Applications},
  howpublished = {Cryptology ePrint Archive, Paper 2022/1602},
  year = {2022},
  doi = {10.1109/JPROC.2022.3205665},
  url = {https://eprint.iacr.org/2022/1602}
}

@misc{cite:tfhe,
  author = {Ilaria Chillotti and Nicolas Gama and Mariya Georgieva and Malika Izabachène},
  title = {TFHE: Fast Fully Homomorphic Encryption over the Torus},
  howpublished = {Cryptology ePrint Archive, Paper 2018/421},
  year = {2018},
  url = {https://eprint.iacr.org/2018/421}
}

@article{cite:discrete_gaussian,
  author       = {Cl{\'{e}}ment L. Canonne and
                  Gautam Kamath and
                  Thomas Steinke},
  title        = {The Discrete Gaussian for Differential Privacy},
  journal      = {CoRR},
  volume       = {abs/2004.00010},
  year         = {2020},
  url          = {https://arxiv.org/abs/2004.00010},
  eprinttype    = {arXiv},
  eprint       = {2004.00010},
  timestamp    = {Sun, 14 Mar 2021 11:53:06 +0100},
  biburl       = {https://dblp.org/rec/journals/corr/abs-2004-00010.bib},
  bibsource    = {dblp computer science bibliography, https://dblp.org}
}
